@book{BrigoMercurio2006,
  author    = {Damiano Brigo and Fabio Mercurio},
  title     = {Interest Rate Models - Theory and Practice},
  publisher = {Springer},
  year      = {2006},
  edition   = {2nd},
  series    = {Springer Finance},
  isbn      = {978-3-540-22149-4},
}

@book{PolynomialAutomorphisms2021,
    title   =   {Polynomial Automorphisms and the Jacobian Conjecture: New Results from the Beginning of the 21st Century},
    author  =   {van den Essen, Arno and Kuroda, Shigeru and Crachiola, Anthony J.},
    series  =   {Frontiers in Mathematics},
    ISBN    =   {978-3-030-60533-9},
    DOI     =   {https://doi.org/10.1007/978-3-030-60535-3},
    publisher = {Birkh√§user},
    year    =   {2021}
}